@booklet{VR2002fpi,
  author={Vetenskapsr책det},
  title={Forskningsetiska principer
    inom humanistisk-samh채llsvetenskaplig forskning},
  publisher={Vetenskapsr{\aa}det},
  address={Stockholm}, 
  year={2002}, 
  ISBN={91-7307-008-4}, 
  keywords={Forskningsetik}, 
  URL={http://www.codex.vr.se/texts/HSFR.pdf}
}
@book{Sharp2011idb,
  author={Sharp, Helen and Rogers, Yvonne and Preece, Jennifer},
  title={Interaction Design: Beyond Human-Computer Interaction},
  publisher={Wiley},
  address={Chichester},
  year={2011},
  edition={3:e},
  ISBN={978-0-470-66576-3},
  keywords={Anv{\"a}ndargr{\"a}nssnitt
    M{\"a}nniska-dator-interaktion
        Interaktiva multimedier},
}
@book{Tullis2013mtu,
  author={Thomas Tullis and Bill Albert},
  title={Measuring the User Experience: Collecting, Analyzing, and Presenting 
    Usability Metrics},
  publisher={Morgan Kaufmann Publishers},
  year={2013},
}
@manual{Nokia2011n9u,
  title={Nokia {N9} {UX} Guidelines},
  author={{Nokia Corp.}},
  year={2011},
  note={Tillg채nglig via l채rplattformen}
}
@manual{Android2012d,
  title={Android Design},
  author={{Android Open Source Project}},
  year={2012},
  URL={https://developer.android.com/design/index.html}
}
@manual{Apple2012hig,
  title={{iOS} Human Interface Guidelines},
  author={{Apple Inc.}},
  year={2012},
  URL={https://developer.apple.com/library/ios/documentation/UserExperience/Conceptual/MobileHIG/}
}
@incollection{Winograd1997fcm,
  author={Winograd, Terry},
  title={From computing machinery to interaction design},
  pages={149--162},
  editor={Denning, P. and Metcalfe, R.},
  booktitle={Beyond Calculation: The next fifty years of computing},
  publisher={Springer-Verlag},
  address={Amsterdam},
  year={1997},
}
@book{Garret2010teo,
  author={Garret, J. J.},
  title={The Elements of User Experience: User-centered design for the web and
    beyond},
  edition={2:a},
  year={2010},
  publisher={New Riders Press},
}
@article{Norman1999aca,
  author={Norman, D.},
  title={Affordances, conventions and design},
  journal={{ACM} Interactions Magazine},
  month={May/June},
  year={1999},
  pages={38--42},
}
@article{Johnson2002cmb,
  author={Johnson, J. and Henderson, A.},
  title={Conceptual models: Begin by designing what to design},
  journal={interactions},
  year={2002},
  number={jan/feb},
  pages={25--32},
}
@article{Hafner2004yta,
  author={Hafner, K.},
  title={You there, at the computer: Pay attention},
  journal={{New York Times}},
  year={2004},
  month={nov},
  day={11},
}
@book{Norman1993ttm,
  author={Norman, D.},
  title={Things That Make Us Smart},
  publisher={Addison-Wesley},
  address={Reading, MA},
  year={1993},
}
@article{Ophir2009cci,
  author={Ophir, E. and
    Nass, C. I. and
        Wagner, A. D.},
  title={Cognitive control in media multitaskers},
  journal={Proc Natl Acad Sci USA},
  volume={106},
  pages={15583--15587},
  year={2009},
}
@book{Craik1943tno,
  author={Craik, K. J. W.},
  title={The Nature of Explanation},
  publisher={Cambridge University Press},
  address={Cambridge},
  year={1943},
}
@article{Sacks1978ass,
  author={Sacks, H. and
    Schegloff, E. and
        Jefferson, G.},
  title={A simplest systematics for the organization of turn-taking for 
    conversation},
  journal={Language},
  number={50},
  pages={696--735},
  year={1978},
}
@inproceedings{Ames2010mli,
  author={Ames, M. G. and
    Kaye, J. and
        Spasojevic, M.},
  title={Making love in the network closet: the benefits and work of family 
    videochat},
  booktitle={Proceedings of the 2010 Conference of Computer Supported 
    Cooperative Work},
  year={2010},
  publisher={ACM},
  pages={145--154},
}
@article{OConnaill1993cov,
  author={O'Connaill, B. and
    Whittaker, S. and
        Wilbur, S.},
  title={Conversations over video conferences: An evaluation of the spoken 
    aspects of video-mediated communication},
  journal={Human-Computer Interaction},
  number={8},
  year={1993},
  pages={389--428},
}
@inproceedings{Wadley2009ycb,
  author={Wadley, G. and
    Gibbs, M. R. and
        Ducheneaut, N.},
  title={You can be too rich: Mediated communication in a virtual world},
  booktitle={Proceedings of OZCHI 2009},
  year={2009},
  volume={411},
  publisher={ACM},
  pages={49--56},
}
@book{Nielsen2013mu,
  author={Nielsen, Jakob and Budiu, Raluca},
  title={Mobile usability},
  publisher={New Riders},
  address={Berkeley, Calif.},
  year={2013},
  ISBN={9780321884480 (Paper)},
  keywords={Anv{\"a}ndargr{\"a}nssnitt Mobilt Internet},
}
@article{teasley1994cultural,
  title={Cultural diversity in user interface design: Are intuitions enough?},
  author={Teasley, Barbee and Leventhal, Laura and Blumenthal, Brad and Instone, Keith and Stone, Daryl},
  journal={ACM SIGCHI Bulletin},
  volume={26},
  number={1},
  pages={36--40},
  year={1994},
  publisher={ACM}
}
@book{reeves1997media,
  title={The Media equation: how people treat computers, television, and new media},
  author={Reeves, Byron and Nass, C},
  year={1997},
  publisher={Cambridge University Press}
}
@article{ortony2004effective,
  title={Effective functioning: A three level model of affect, behavior, and cognition},
  author={Ortony, A and Norman, DA and Revelle, W},
  year={2004},
  publisher={Oxford University Press}
}
